<?xml version="1.0" encoding="UTF-8"?><collection xmlns="http://www.loc.gov/MARC21/slim"><record><leader>00531nam--2200193-i-4500</leader><controlfield tag="001">000017355</controlfield><controlfield tag="002">20161230</controlfield><controlfield tag="005">20170204192829</controlfield><controlfield tag="008">060222s1000------------r-----000-0-rum-d</controlfield><datafield ind1=" " ind2=" " tag="020"><subfield code="a">9739271198</subfield></datafield><datafield ind1=" " ind2=" " tag="041"><subfield code="a">rum</subfield></datafield><datafield ind1=" " ind2=" " tag="080"><subfield code="a">535</subfield></datafield><datafield ind1="1" ind2=" " tag="100"><subfield code="a">Popescu, Ioan-Iovit</subfield></datafield><datafield ind1="1" ind2="0" tag="245"><subfield code="a">Bazele fizice ale opticii</subfield><subfield code="b">Vol. I. Optica scalara</subfield><subfield code="c">Ioan-Iovit Popescu, Florea S. Uliu</subfield></datafield><datafield ind1=" " ind2=" " tag="260"><subfield code="a">Craiova</subfield><subfield code="b">Editura Universitaria</subfield><subfield code="c">1998</subfield></datafield><datafield ind1=" " ind2=" " tag="300"><subfield code="a">VII + 522 p</subfield></datafield><datafield ind1="1" ind2=" " tag="700"><subfield code="a">Uliu, Florea S</subfield></datafield><datafield ind1=" " ind2=" " tag="852"><subfield code="a">80877</subfield><subfield code="c">535</subfield></datafield><datafield ind1=" " ind2=" " tag="CAT"><subfield code="a">SYS</subfield><subfield code="c">20170204</subfield><subfield code="h">192829</subfield></datafield></record></collection>